<?xml version="1.0" encoding="UTF-8"?><collection xmlns="http://www.loc.gov/MARC21/slim"><record><leader>00598nam--2200193-u-4500</leader><controlfield tag="001">000054005</controlfield><controlfield tag="002">20161230</controlfield><controlfield tag="005">20161230201051</controlfield><controlfield tag="008">110728s1000------------r-----000-0-eng-d</controlfield><datafield ind1=" " ind2=" " tag="020"><subfield code="a">2902731876</subfield></datafield><datafield ind1=" " ind2=" " tag="040"><subfield code="a">IFIN-HH</subfield></datafield><datafield ind1=" " ind2=" " tag="080"><subfield code="a">537.311.33(061.3)</subfield></datafield><datafield ind1="1" ind2=" " tag="100"><subfield code="a">Pinard, P</subfield></datafield><datafield ind1="1" ind2="0" tag="245"><subfield code="a">Poly-micro-crystalline and amorphous semiconductors</subfield><subfield code="b">June 5th - 8th 1984 strasbourg (france)</subfield><subfield code="c">P. pinard, s. kalbitzer (eds.)</subfield></datafield><datafield ind1=" " ind2=" " tag="260"><subfield code="a">Les Ulis Cedex, France</subfield><subfield code="b">Les Editions De Physique</subfield><subfield code="c">1984</subfield></datafield><datafield ind1=" " ind2=" " tag="300"><subfield code="a">780P</subfield></datafield><datafield ind1="1" ind2=" " tag="700"><subfield code="a">Kalbitzer, S</subfield><subfield code="e">Ed</subfield></datafield><datafield ind1=" " ind2=" " tag="852"><subfield code="a">73868</subfield><subfield code="c">537.311.33</subfield></datafield><datafield ind1=" " ind2=" " tag="CAT"><subfield code="a">Sys</subfield><subfield code="c">20110728</subfield><subfield code="h">131942</subfield></datafield></record></collection>